@article{glaeser1999there,
	title=      {Why is there more crime in cities?},
	author=     {Glaeser, Edward L and Sacerdote, Bruce},
	journal =   {Journal of political economy},
	volume=     {107},
	number=     {S6},
	pages =      {S225--S258},
	year =       {1999},
	publisher =  {The University of Chicago Press}
}