@article{glaeser1999there,
	title=      {Why is there more crime in cities?},
	author=     {Glaeser, Edward L and Sacerdote, Bruce},
	journal =   {Journal of political economy},
	volume=     {107},
	number=     {S6},
	pages =      {S225--S258},
	year =       {1999},
	publisher =  {The University of Chicago Press}
}

@article{eck2015crime,
	title={Crime places in crime theory},
	author={Eck, John E and Weisburd, David L},
	year={2015}
}

@inproceedings{de2005criminalidade,
	title={Criminalidade e o tamanho das cidades brasileiras: um enfoque da economia do crime},
	author={de Oliveira, Cristiano Aguiar},
	booktitle={Anais do XXXIII Encontro Nacional de Economia [Proceedings of the 33th Brazilian Economics Meeting]},
	number={152},
	year={2005},
	organization={ANPEC-Associa{\c{c}}{\~a}o Nacional dos Centros de P{\'o}sgradua{\c{c}}{\~a}o em Economia [Brazilian Association of Graduate Programs in Economics]}
}